
%
%  $Description: References$ 
% 
%  $Author:  $ 
%  $Date: $
%  $Revision: 1.0 $
%

@inproceedings{szegedy2015going,
  title={Going deeper with convolutions},
  author={Szegedy, Christian and Liu, Wei and Jia, Yangqing and Sermanet, Pierre and Reed, Scott and Anguelov, Dragomir and Erhan, Dumitru and Vanhoucke, Vincent and Rabinovich, Andrew},
  booktitle={Proceedings of the IEEE conference on computer vision and pattern recognition},
  pages={1--9},
  year={2015}
}

@inproceedings{krizhevsky2012imagenet,
  title={Imagenet classification with deep convolutional neural networks},
  author={Krizhevsky, Alex and Sutskever, Ilya and Hinton, Geoffrey E},
  booktitle={Advances in neural information processing systems},
  pages={1097--1105},
  year={2012}
}

@inproceedings{he2016deep,
  title={Deep residual learning for image recognition},
  author={He, Kaiming and Zhang, Xiangyu and Ren, Shaoqing and Sun, Jian},
  booktitle={Proceedings of the IEEE conference on computer vision and pattern recognition},
  pages={770--778},
  year={2016}
}

@inproceedings{pathania2014integrated,
  title={Integrated CPU-GPU power management for 3D mobile games},
  author={Pathania, Anuj and Jiao, Qing and Prakash, Alok and Mitra, Tulika},
  booktitle={Proceedings of the 51st Annual Design Automation Conference},
  pages={1--6},
  year={2014},
  organization={ACM}
}

@inproceedings{nurvitadhi2016accelerating,
  title={Accelerating Binarized Neural Networks: Comparison of FPGA, CPU, GPU, and ASIC},
  author={Nurvitadhi, Eriko and Sheffield, David and Sim, Jaewoong and Mishra, Asit and Venkatesh, Ganesh and Marr, Debbie},
  booktitle={Field-Programmable Technology (FPT), 2016 International Conference on},
  pages={77--84},
  year={2016},
  organization={IEEE}
}

@inproceedings{malik2016architecture,
  title={Architecture exploration for energy-efficient embedded vision applications: From general purpose processor to domain specific accelerator},
  author={Malik, Maria and Farahmand, Farnoud and Otto, Paul and Akhlaghi, Nima and Mohsenin, Tinoosh and Sikdar, Siddhartha and Homayoun, Houman},
  booktitle={VLSI (ISVLSI), 2016 IEEE Computer Society Annual Symposium on},
  pages={559--564},
  year={2016},
  organization={IEEE}
}
@inproceedings{woo1995splash,
  title={The SPLASH-2 programs: Characterization and methodological considerations},
  author={Woo, Steven Cameron and Ohara, Moriyoshi and Torrie, Evan and Singh, Jaswinder Pal and Gupta, Anoop},
  booktitle={Computer Architecture, 1995. Proceedings., 22nd Annual International Symposium on},
  pages={24--36},
  year={1995},
  organization={IEEE}
}

@article{caffe,
  Author = {Jia, Yangqing and Shelhamer, Evan and Donahue, Jeff and Karayev, Sergey and Long, Jonathan and Girshick, Ross and Guadarrama, Sergio and Darrell, Trevor},
  Journal = {arXiv preprint arXiv:1408.5093},
  Title = {Caffe: Convolutional Architecture for Fast Feature Embedding},
  Year = {2014}
}
