
%
%  $Description: References$ 
% 
%  $Author:  $ 
%  $Date: $
%  $Revision: 1.0 $
%

@inproceedings{pathania2014integrated,
  title={Integrated CPU-GPU power management for 3D mobile games},
  author={Pathania, Anuj and Jiao, Qing and Prakash, Alok and Mitra, Tulika},
  booktitle={Proceedings of the 51st Annual Design Automation Conference},
  pages={1--6},
  year={2014},
  organization={ACM}
}

@inproceedings{nurvitadhi2016accelerating,
  title={Accelerating Binarized Neural Networks: Comparison of FPGA, CPU, GPU, and ASIC},
  author={Nurvitadhi, Eriko and Sheffield, David and Sim, Jaewoong and Mishra, Asit and Venkatesh, Ganesh and Marr, Debbie},
  booktitle={Field-Programmable Technology (FPT), 2016 International Conference on},
  pages={77--84},
  year={2016},
  organization={IEEE}
}

@inproceedings{malik2016architecture,
  title={Architecture exploration for energy-efficient embedded vision applications: From general purpose processor to domain specific accelerator},
  author={Malik, Maria and Farahmand, Farnoud and Otto, Paul and Akhlaghi, Nima and Mohsenin, Tinoosh and Sikdar, Siddhartha and Homayoun, Houman},
  booktitle={VLSI (ISVLSI), 2016 IEEE Computer Society Annual Symposium on},
  pages={559--564},
  year={2016},
  organization={IEEE}
}